@misc{annawoodardgithub,
  author = {Anna Woodard},
  title = {{Additional factors on the Wilson coefficients in Top 17-005}},
  howpublished = "\url{https://github.com/annawoodard/NPFit/blob/master/python/parameters.py#L92-L125}",
  year = {2018}, 
  note = "[Online; accessed 31-Oct-2018]"
}

@article{Bylund:2016phk,
      author         = "Bessidskaia Bylund, Olga and Maltoni, Fabio and Tsinikos,
                        Ioannis and Vryonidou, Eleni and Zhang, Cen",
      title          = "{Probing top quark neutral couplings in the Standard
                        Model Effective Field Theory at NLO in QCD}",
      journal        = "JHEP",
      volume         = "05",
      year           = "2016",
      pages          = "052",
      doi            = "10.1007/JHEP05(2016)052",
      eprint         = "1601.08193",
      archivePrefix  = "arXiv",
      primaryClass   = "hep-ph",
      reportNumber   = "CP3-16-03, MCNET-16-03",
      SLACcitation   = "%%CITATION = ARXIV:1601.08193;%%"
}


@misc{ATLAS:TOP2018,
  author = {ATLAS Collaboration},
  title = {{tt+X at ATLAS}},
  howpublished = "\url{https://indico.cern.ch/event/690229/contributions/2941654/attachments/1717768/2772461/2018-09-18_TOP2018_CNellist.pdf}",
  year = {2018}, 
  note = "[Online; accessed 19-Sept-2018]"
}

@article{AguilarSaavedra:2018nen,
      author         = "Barducci, D. and others",
      editor         = "Aguilar-Saavedra, Juan Antonio and Degrande, C. and
                        Durieux, G. and Maltoni, F. and Vryonidou, E. and Zhang,
                        C.",
      title          = "{Interpreting top-quark LHC measurements in the
                        standard-model effective field theory}",
      year           = "2018",
      eprint         = "1802.07237",
      archivePrefix  = "arXiv",
      primaryClass   = "hep-ph",
      reportNumber   = "CERN-LPCC-2018-01",
      SLACcitation   = "%%CITATION = ARXIV:1802.07237;%%"
}

@article{Sirunyan:2017uzs,
      author         = "Sirunyan, Albert M and others",
      title          = "{Measurement of the cross section for top quark pair
                        production in association with a W or Z boson in
                        proton-proton collisions at $\sqrt{s} =$ 13 TeV}",
      collaboration  = "CMS",
      journal        = "JHEP",
      volume         = "08",
      year           = "2018",
      pages          = "011",
      doi            = "10.1007/JHEP08(2018)011",
      eprint         = "1711.02547",
      archivePrefix  = "arXiv",
      primaryClass   = "hep-ex",
      reportNumber   = "CMS-TOP-17-005, CERN-EP-2017-286",
      SLACcitation   = "%%CITATION = ARXIV:1711.02547;%%"
}
